@article{Liu89,
   author = "Liu, B. and McLean, A. D.",
   title = "The interacting correlated fragments model for weak interactions, basis set superposition error, and the helium dimer potential",
   journal = "The Journal of Chemical Physics",
   year = "1989",
   volume = "91",
   number = "4", 
   eid = ,
   pages = "2348-2359",
   url = "http://scitation.aip.org/content/aip/journal/jcp/91/4/10.1063/1.457043",
   doi = "http://dx.doi.org/10.1063/1.457043" 
}
